@book{womak:lean-thinking,
    author  = {Autori},
    title   = {Titolo},
    publisher = {Publisher},
    year    = {Anno}
}

@online{sole24ore:cronistoria-covid,
    title = {Cronistoria del Coronavirus},
    Author = {Il Sole 24 Ore},
    Url = {https://lab24.ilsole24ore.com/storia-coronavirus/}
}
